@book{somebook,
  Title={Placeholder},
  Author={Smith, John},
  Publisher={New York, NY},
  year={2020}
}
